<collection xmlns="http://www.loc.gov/MARC21/slim"><record><leader>00642nam  2200205   450</leader><controlfield tag="001">839</controlfield><controlfield tag="003">http://montalegre.opacnet.com/OPAC/default.aspx?ContentAreaControl=ShowRegHoldings.ascx&amp;RegNo=16662</controlfield><controlfield tag="005">20</controlfield><datafield tag="095" ind1=" " ind2=" "><subfield code="a">PTBN00768811</subfield></datafield><datafield tag="100" ind1=" " ind2=" "><subfield code="a">20061013d1965    m  y0pory010305  ba</subfield></datafield><datafield tag="101" ind1="0" ind2=" "><subfield code="a">por</subfield></datafield><datafield tag="102" ind1=" " ind2=" "><subfield code="a">PT</subfield></datafield><datafield tag="200" ind1="1" ind2=" "><subfield code="a">&lt;O &gt;grande Manelito</subfield><subfield code="e">prémio Manuel Ribeiro</subfield><subfield code="f">João Amaral Júnior</subfield></datafield><datafield tag="210" ind1=" " ind2=" "><subfield code="a">Porto</subfield><subfield code="c">Salesianas</subfield><subfield code="d">D.L. 1965]</subfield></datafield><datafield tag="215" ind1=" " ind2=" "><subfield code="a">157 p.</subfield><subfield code="d">17 cm</subfield></datafield><datafield tag="225" ind1="2" ind2=" "><subfield code="a">Leituras Juvenis</subfield><subfield code="v">24</subfield></datafield><datafield tag="675" ind1=" " ind2=" "><subfield code="a">087.5</subfield></datafield><datafield tag="700" ind1=" " ind2="1"><subfield code="a">Amaral Júnior</subfield><subfield code="b">João</subfield></datafield><datafield tag="801" ind1=" " ind2="0"><subfield code="a">PT</subfield><subfield code="b">Biblioteca Municipal de Montalegre</subfield><subfield code="g">RPC</subfield></datafield><datafield tag="856" ind1=" " ind2=" "><subfield code="u">locateMedia.asp?cod=20060626163840&amp;ext=jpg</subfield><subfield code="z">CAPA</subfield></datafield><datafield tag="909" ind1="&#9;" ind2=" "><subfield code="a">1</subfield></datafield><datafield tag="966" ind1=" " ind2=" "><subfield code="a">0003353</subfield><subfield code="l">BMM</subfield><subfield code="s">SJ 087.5 JÚN gra 24</subfield></datafield></record></collection>